<record><leader>00000cas a22000007a 4500</leader><controlfield tag="001">11995401</controlfield><controlfield tag="008">850503d187018uunyucr ne      0    0eng d</controlfield><datafield ind1=" " ind2=" " tag="010"><subfield code="a">sn 85025976 </subfield></datafield><datafield ind1=" " ind2=" " tag="040"><subfield code="a">NPX</subfield><subfield code="b">eng</subfield><subfield code="c">NPX</subfield><subfield code="d">NYS</subfield><subfield code="d">OCLCQ</subfield></datafield><datafield ind1=" " ind2=" " tag="042"><subfield code="a">msc</subfield></datafield><datafield ind1="0" ind2=" " tag="130"><subfield code="a">Rochester Democrat and chronicle (Rochester, N.Y. : Semiweekly)</subfield></datafield><datafield ind1="1" ind2="0" tag="245"><subfield code="a">Rochester Democrat and chronicle.</subfield></datafield><datafield ind1="1" ind2="3" tag="246"><subfield code="a">Democrat and chronicle</subfield></datafield><datafield ind1=" " ind2=" " tag="250"><subfield code="a">Semi-weekly ed.</subfield></datafield><datafield ind1=" " ind2=" " tag="260"><subfield code="a">Rochester, N.Y. :</subfield><subfield code="b">Rochester Print. Co.</subfield></datafield><datafield ind1=" " ind2=" " tag="300"><subfield code="a">v.</subfield></datafield><datafield ind1=" " ind2=" " tag="310"><subfield code="a">Semiweekly</subfield></datafield><datafield ind1="1" ind2=" " tag="362"><subfield code="a">Began in Dec. 1870?</subfield></datafield><datafield ind1=" " ind2=" " tag="500"><subfield code="a">"Republican."</subfield></datafield><datafield ind1=" " ind2=" " tag="588"><subfield code="a">Description based on: Oct. 6, 1876.</subfield></datafield><datafield ind1=" " ind2="4" tag="651"><subfield code="a">Rochester (N.Y.)</subfield><subfield code="v">Newspapers.</subfield></datafield><datafield ind1=" " ind2=" " tag="752"><subfield code="a">United States</subfield><subfield code="b">New York</subfield><subfield code="c">Monroe</subfield><subfield code="d">Rochester.</subfield></datafield><datafield ind1="0" ind2=" " tag="775"><subfield code="t">Rochester Democrat and chronicle (Rochester, N.Y. : Daily)</subfield><subfield code="w">(DLC)sn 84031484</subfield></datafield><datafield ind1="0" ind2=" " tag="775"><subfield code="t">Rochester Democrat and chronicle (Rochester, N.Y. : Weekly)</subfield><subfield code="w">(DLC)sn 85025975</subfield></datafield><datafield ind1="0" ind2="4" tag="780"><subfield code="t">Rochester Democrat (Rochester, N.Y. : Semiweekly)</subfield><subfield code="w">(DLC)sn 85025977</subfield></datafield><datafield ind1="0" ind2="4" tag="780"><subfield code="t">Rochester semi-weekly chronicle</subfield><subfield code="w">(DLC)sn 84026364</subfield></datafield><datafield ind1="1" ind2=" " tag="029"><subfield code="a">AU@</subfield><subfield code="b">000020377647</subfield></datafield></record>